
@article{tsimpanogiannis_self-diffusion_2019,
	title = {Self-diffusion coefficient of bulk and confined water: a critical review of classical molecular simulation studies},
	volume = {45},
	issn = {0892-7022, 1029-0435},
	url = {https://www.tandfonline.com/doi/full/10.1080/08927022.2018.1511903},
	doi = {10.1080/08927022.2018.1511903},
	shorttitle = {Self-diffusion coefficient of bulk and confined water},
	pages = {425--453},
	number = {4},
	journaltitle = {Molecular Simulation},
	shortjournal = {Molecular Simulation},
	author = {Tsimpanogiannis, Ioannis N. and Moultos, Othonas A. and Franco, Luís F. M. and Spera, Marcelle B. de M. and Erdős, Máté and Economou, Ioannis G.},
	urldate = {2022-08-12},
	date = {2019-03-24},
	langid = {english},
	file = {Submitted Version:C\:\\Users\\finco\\Zotero\\storage\\23W7Z8JB\\Tsimpanogiannis et al. - 2019 - Self-diffusion coefficient of bulk and confined wa.pdf:application/pdf},
}

@article{yeh_system-size_2004,
	title = {System-Size Dependence of Diffusion Coefficients and Viscosities from Molecular Dynamics Simulations with Periodic Boundary Conditions},
	volume = {108},
	issn = {1520-6106, 1520-5207},
	url = {https://pubs.acs.org/doi/10.1021/jp0477147},
	doi = {10.1021/jp0477147},
	pages = {15873--15879},
	number = {40},
	journaltitle = {The Journal of Physical Chemistry B},
	shortjournal = {J. Phys. Chem. B},
	author = {Yeh, In-Chul and Hummer, Gerhard},
	urldate = {2022-08-12},
	date = {2004-10-01},
	langid = {english},
	keywords = {viscosity},
	file = {Yeh and Hummer - 2004 - System-Size Dependence of Diffusion Coefficients a.pdf:C\:\\Users\\finco\\Zotero\\storage\\JUPVWR5J\\Yeh and Hummer - 2004 - System-Size Dependence of Diffusion Coefficients a.pdf:application/pdf},
}

@article{mark_structure_2001,
	title = {Structure and Dynamics of the {TIP}3P, {SPC}, and {SPC}/E Water Models at 298 K},
	volume = {105},
	issn = {1089-5639, 1520-5215},
	url = {https://pubs.acs.org/doi/10.1021/jp003020w},
	doi = {10.1021/jp003020w},
	pages = {9954--9960},
	number = {43},
	journaltitle = {The Journal of Physical Chemistry A},
	shortjournal = {J. Phys. Chem. A},
	author = {Mark, Pekka and Nilsson, Lennart},
	urldate = {2022-09-06},
	date = {2001-11-01},
	langid = {english},
	keywords = {models discussion},
	file = {Mark and Nilsson - 2001 - Structure and Dynamics of the TIP3P, SPC, and SPC.pdf:C\:\\Users\\finco\\Zotero\\storage\\H8DJ9WQ8\\Mark and Nilsson - 2001 - Structure and Dynamics of the TIP3P, SPC, and SPC.pdf:application/pdf},
}

@article{price_modified_2004,
	title = {A modified {TIP}3P water potential for simulation with Ewald summation},
	volume = {121},
	issn = {0021-9606, 1089-7690},
	url = {http://aip.scitation.org/doi/10.1063/1.1808117},
	doi = {10.1063/1.1808117},
	pages = {10096--10103},
	number = {20},
	journaltitle = {The Journal of Chemical Physics},
	shortjournal = {The Journal of Chemical Physics},
	author = {Price, Daniel J. and Brooks, Charles L.},
	urldate = {2022-09-06},
	date = {2004-11-22},
	langid = {english},
	file = {Price and Brooks - 2004 - A modified TIP3P water potential for simulation wi.pdf:C\:\\Users\\finco\\Zotero\\storage\\MPM6HTWF\\Price and Brooks - 2004 - A modified TIP3P water potential for simulation wi.pdf:application/pdf},
}

@article{jorgensen_comparison_1983,
	title = {Comparison of simple potential functions for simulating liquid water},
	volume = {79},
	issn = {0021-9606, 1089-7690},
	url = {http://aip.scitation.org/doi/10.1063/1.445869},
	doi = {10.1063/1.445869},
	pages = {926--935},
	number = {2},
	journaltitle = {The Journal of Chemical Physics},
	shortjournal = {The Journal of Chemical Physics},
	author = {Jorgensen, William L. and Chandrasekhar, Jayaraman and Madura, Jeffry D. and Impey, Roger W. and Klein, Michael L.},
	urldate = {2022-09-06},
	date = {1983-07-15},
	langid = {english},
	file = {Jorgensen et al. - 1983 - Comparison of simple potential functions for simul.pdf:C\:\\Users\\finco\\Zotero\\storage\\JW8QXPA6\\Jorgensen et al. - 1983 - Comparison of simple potential functions for simul.pdf:application/pdf},
}

@software{ryan_s_defever_lammps_thermo_2021,
	title = {lammps\_thermo},
	url = {https://github.com/rsdefever/lammps_thermo},
	author = {{Ryan S. DeFever}},
	date = {2021-04-09},
}

@article{mills_self-diffusion_1973,
	title = {Self-diffusion in normal and heavy water in the range 1-45.deg.},
	volume = {77},
	issn = {0022-3654, 1541-5740},
	url = {https://pubs.acs.org/doi/10.1021/j100624a025},
	doi = {10.1021/j100624a025},
	pages = {685--688},
	number = {5},
	journaltitle = {The Journal of Physical Chemistry},
	shortjournal = {J. Phys. Chem.},
	author = {Mills, R.},
	urldate = {2022-09-09},
	date = {1973-03},
	langid = {english},
	keywords = {experimental reference},
}

@article{thompson_lammps_2022,
	title = {{LAMMPS} - a flexible simulation tool for particle-based materials modeling at the atomic, meso, and continuum scales},
	volume = {271},
	issn = {00104655},
	url = {https://linkinghub.elsevier.com/retrieve/pii/S0010465521002836},
	doi = {10.1016/j.cpc.2021.108171},
	pages = {108171},
	journaltitle = {Computer Physics Communications},
	shortjournal = {Computer Physics Communications},
	author = {Thompson, Aidan P. and Aktulga, H. Metin and Berger, Richard and Bolintineanu, Dan S. and Brown, W. Michael and Crozier, Paul S. and in 't Veld, Pieter J. and Kohlmeyer, Axel and Moore, Stan G. and Nguyen, Trung Dac and Shan, Ray and Stevens, Mark J. and Tranchida, Julien and Trott, Christian and Plimpton, Steven J.},
	urldate = {2022-09-09},
	date = {2022-02},
	langid = {english},
	file = {Full Text:C\:\\Users\\finco\\Zotero\\storage\\N38CKCJA\\Thompson et al. - 2022 - LAMMPS - a flexible simulation tool for particle-b.pdf:application/pdf},
}